@inproceedings{juels2013honeywords,
  title={Honeywords: Making password-cracking detectable},
  author={Juels, Ari and Rivest, Ronald L},
  booktitle={Proceedings of the 2013 ACM SIGSAC conference on Computer \& communications security},
  pages={145--160},
  year={2013}
}

@unpublished{sweetpake,
  title={SweetPAKE: Key exchange with decoy passwords},
  author={Arriage, Ryan and Skrobot},
  year={2023}
}

@inproceedings{papke,
  title={Password-authenticated public-key encryption},
  author={Bradley, Tatiana and Camenisch, Jan and Jarecki, Stanislaw and Lehmann, Anja and Neven, Gregory and Xu, Jiayu},
  booktitle={Applied Cryptography and Network Security: 17th International Conference, ACNS 2019, Bogota, Colombia, June 5--7, 2019, Proceedings 17},
  pages={442--462},
  year={2019},
  organization={Springer}
}
