@inproceedings{juels2013honeywords,
  title={Honeywords: Making password-cracking detectable},
  author={Juels, Ari and Rivest, Ronald L},
  booktitle={Proceedings of the 2013 ACM SIGSAC conference on Computer \& communications security},
  pages={145--160},
  year={2013}
}

@inproceedings{bellare2000authenticated,
  title={Authenticated key exchange secure against dictionary attacks},
  author={Bellare, Mihir and Pointcheval, David and Rogaway, Phillip},
  booktitle={International conference on the theory and applications of cryptographic techniques},
  pages={139--155},
  year={2000},
  organization={Springer}
}

@inproceedings{boyko2000provably,
  title={Provably secure password-authenticated key exchange using Diffie-Hellman},
  author={Boyko, Victor and MacKenzie, Philip and Patel, Sarvar},
  booktitle={Advances in Cryptologyâ€”EUROCRYPT 2000: International Conference on the Theory and Application of Cryptographic Techniques Bruges, Belgium, May 14--18, 2000 Proceedings 19},
  pages={156--171},
  year={2000},
  organization={Springer}
}

@inproceedings{canetti2005universally,
  title={Universally composable password-based key exchange},
  author={Canetti, Ran and Halevi, Shai and Katz, Jonathan and Lindell, Yehuda and MacKenzie, Phil},
  booktitle={Advances in Cryptology--EUROCRYPT 2005: 24th Annual International Conference on the Theory and Applications of Cryptographic Techniques, Aarhus, Denmark, May 22-26, 2005. Proceedings 24},
  pages={404--421},
  year={2005},
  organization={Springer}
}

@inproceedings{bradley2019password,
  title={Password-authenticated public-key encryption},
  author={Bradley, Tatiana and Camenisch, Jan and Jarecki, Stanislaw and Lehmann, Anja and Neven, Gregory and Xu, Jiayu},
  booktitle={Applied Cryptography and Network Security: 17th International Conference, ACNS 2019, Bogota, Colombia, June 5--7, 2019, Proceedings 17},
  pages={442--462},
  year={2019},
  organization={Springer}
}

@inproceedings{marjan2023,
  title={SweetPAKE: Key exchange with decoy passwords},
  author={Marjan Skrobot},
  booktitle={SweetPAKE},
  year={2023},
}

@misc{Warner2016,
  title={python-spake2},
  author={Warner},
  year={2016},
  publisher = {GitHub},
  journal = {GitHub repository},
  howpublished = {\url{https://github.com/warner/python-spake2}},
  commit = {43d0b84}
}

@manual{passwd,
 title      = "PASSWD(5) Linux User's Manual",
 %author        = "",
 %organization  = "",
 %address   = "",
 %edition   = "",
 year       = "2023",
 month      = "Octobre",
 %note      = "",
}

@manual{shadow,
 title      = "Shadow(5) Linux User's Manual",
 %author        = "",
 %organization  = "",
 %address   = "",
 %edition   = "",
 year       = "2023",
 month      = "Octobre",
 %note      = "",
}
