@inproceedings{juels2013honeywords,
  title={Honeywords: Making password-cracking detectable},
  author={Juels, Ari and Rivest, Ronald L},
  booktitle={Proceedings of the 2013 ACM SIGSAC conference on Computer \& communications security},
  pages={145--160},
  year={2013}
}

@unpublished{sweetpake,
  title={SweetPAKE: Key exchange with decoy passwords},
  author={Arriage, Ryan and Skrobot},
  year={2023}
}
